@misc{shoup2001ntl,
	title={{NTL}: A library for doing number theory},
	author={Shoup, V.},
    note = {\url{http:/www.shoup.net/ntl}}
}
@inproceedings{LeGall14,
 author = {Le Gall, Fran\c{c}ois},
 title = {Powers of Tensors and Fast Matrix Multiplication},
 booktitle = {ISSAC'14},
 year = {2014},
 pages = {296--303},
 publisher = {ACM},
} 
@article{ku,
        Author = {Kedlaya, K. and Umans, C.},
        Journal = {SIAM Journal on Computing},
        Number = {6},
        Pages = {1767-1802},
        Title = {Fast Polynomial Factorization and Modular Composition},
        Volume = {40},
        Year = {2011}
}

@article{CaKa91,
 Author = {Cantor, D. G. and Kaltofen, E.},
 Journal = {Acta Informatica},
 Number = 7,
 Pages = {693--701},
 Title = {On Fast Multiplication of Polynomials over Arbitrary Algebras},
 Volume = 28,
 Year = 1991
}
@article {BoCaPl97,
    AUTHOR = {Bosma, W. and Cannon, J. and Playoust, C.},
     TITLE = {The {M}agma algebra system. {I}. {T}he user language},
JOURNAL = {Journal of Symbolic Computation},
    VOLUME = 24,
      YEAR = 1997,
    NUMBER = {3-4},
     PAGES = {235--265},
}

@inproceedings{Hart10,
    author = {W. B. Hart},
    title = {Fast Library for Number Theory: An Introduction},
    booktitle = {ICMS'10},
    year = {2010},
    location = {Kobe, Japan},
    pages = {88--91},
    numpages = {4},
    publisher = {Springer},
    note = {\url{http://flintlib.org}}
}

@article {Shoup95,
    AUTHOR = {Shoup, V.},
     TITLE =  {A New Polynomial Factorization Algorithm and its Implementation},
JOURNAL = {Journal of Symbolic Computation},
    VOLUME = 20,
      YEAR = 1995,
    NUMBER = 4,
     PAGES = {363--397},
}

@article{HuPa98,
   title = {Fast rectangular matrix multiplication and applications},
   author = {Huang, X. and Pan, V. Y.},
   journal = {Journal of Complexity},
   volume = {14},
   number = {2},
   pages = {257--299},
   year = {1998}
}
@article{Shoup94,
    AUTHOR = {Shoup, V.},
     TITLE = {Fast construction of irreducible polynomials over finite fields},
   JOURNAL = {Journal of Symbolic Computation},
    VOLUME = {17},
      YEAR = {1994},
    NUMBER = {5},
     PAGES = {371--391},
}

@article{Hasse34,
	AUTHOR = {Hasse, H.},
	TITLE = {Theorie der relativ-zyklischen algebraischen Funktionenkorper insbesondere bei endlichem Konstantenkorper},
	JOURNAL = { J. Reine Angew. Math},
	VOLUME = {172},
	YEAR = {1934},
	PAGES = {37--44},
}


@article{Schweizer97,
	AUTHOR = {Schweizer, A.},
	TITLE = {On singular and supersingular invariants of Drinfeld modules},
	JOURNAL = {Annales de la Faculté des sciences de Toulouse : Mathématiques},
	VOLUME = {6-2},
	YEAR = {1997},
	PAGES = {319--364},
}

@misc{Conrad,
	AUTHOR = {Conrad, K.},
	TITLE = {Quadratic Reciprocity in Characteristic 2},
	howpublished="\url{http://www.math.uconn.edu/~kconrad/blurbs/ugradnumthy/QRchar2.pdf}",
}


@Article{Scanlon01,
  author = 	 {T. Scanlon},
  title = 	 {Public Key Cryptosystems Based on {D}rinfeld Modules Are Insecure},
  journal = 	 {Journal of Cryptology},
  year = 	 2001,
  volume = 	 14,
  number = 	 4,
  pages = 	 {225-230}}

@Article{BoGaSc07,
  author = {A. Bostan and P. Gaudry and {\'E}. Schost},
  title = {Linear recurrences with polynomial coefficients and application to
integer factorization and {C}artier-{M}anin operator},
  journal = {SIAM Journal on Computing},
  volume = 36,
  number = 6,
  pages = {1777--1806},
  year = 2007
}


@book {FrJa08,
    AUTHOR = {Fried, Michael D. and Jarden, Moshe},
     TITLE = {Field arithmetic},
    SERIES = {Ergebnisse der Mathematik und ihrer Grenzgebiete.},
    VOLUME = {11},
   EDITION = {Third},
 PUBLISHER = {Springer},
      YEAR = {2008},
}
		
@Book{Rosen02,
  author = 	 {M. Rosen},
  title = 	 {Number Theory in Function Fields},
  publisher = 	 {Springer},
  year = 	 2002}

@Article{MuSc94,
  author = 	 {V. {Kumar Murty} and J. Scherk},
  title = 	 {Effective versions of the {C}hebotarev density theorem for function fields},
  journal = 	 {C. R. Acad. Sci. Paris},
  year = 	 1994,
  volume = 	 {t. 319},
  number = 	 {S\'erie I},
  pages = 	 {523-528}}

@incollection {ChCh88,
    AUTHOR = {D. V. Chudnovsky and G. V. Chudnovsky},
     TITLE = {Approximations and complex multiplication according to {R}amanujan},
 BOOKTITLE = {Ramanujan revisited (Urbana-Champaign, Ill., 1987)},
     PAGES = {375--472},
 PUBLISHER = {Academic Press},
   ADDRESS = {Boston, MA},
      YEAR = 1988,
}

@article {Strassen76,
    AUTHOR = {V. Strassen},
     TITLE = {Einige {R}esultate {\"u}ber {B}erechnungskomplexit{\"a}t},
   JOURNAL = {Jber. Deutsch. Math.-Verein.},
    VOLUME = {78},
      YEAR = {1976/77},
    NUMBER = {1},
     PAGES = {1--8},
}

@article{ber,
	author = {Berlekamp, E. R.},
	title = {Factoring Polynomials Over Finite Fields},
	journal= {Bell System Tech. J.},
	volume={46},
	pages={1853--1849},
	year={1967}
}


@article{ber1,
	author = {Berlekamp, E. R.},
	title = { Factoring polynomials over large finite fields},
	journal= {Mathematics of Computation},
	volume={24},
	pages={713--735},
	year={1970}
}


@inproceedings{cam,
	author = {Camion, P.},
	title = { A Deterministic Algorithm for Factorizing Polynomials of Fq[X]},
	booktitle = {Combinatorial Mathematics},
	series = {Proceedings of the International Colloquium on Graph Theory and Combinatorics},
	volume={75},
	year = {1983},
	pages = {149--157},
}





@article{cz,
	author = {Cantor, D.G. and Zassenhaus, H.},
	title = { A new algorithm for factoring polynomials over finite fields},
	journal= {Mathematics of Computation},
	volume={36},
	pages={587-592},
	year={1981}
}


@article{cor,
	author = {Cornelissen, G},
	title = { Deligne's congruence and supersingular reduction of {D}rinfeld modules},
	journal= { Archiv der Mathematik},
	volume={72},
	number={5},
	pages={346-353},
	year={1999}
}


@article{dor,
	author = {Dorman, D. R.},
	title = {On singular moduli for rank 2 {D}rinfeld modules},
	journal= {Compositio Mathematica},
	volume={80},
	number={3},
	pages={235-256},
	year={1991}
}



@article{gs,
	author = {Gathen, {J. von zur} and Shoup, V.},
	title = {Computing {F}robenius maps and factoring polynomials},
	journal= {Computational Complexity},
	volume={2},
	pages={187-224},
	year={1992}
}



@book{gos,
	author = {Goss, D.},
	title = {Basic Structures of Function Field Arithmetic},
	year = {1996},
publisher ={Springer}
}




@article{gek,
	author = {Gekeler, E-U.},
	title = {Frobenius distributions of {D}rinfeld modules over finite fields},
	journal= {Transactions of the American Mathematical Society},
	volume={360},
	pages={1695-1721},
	year={2008}
}

@article{gek1,
	author = {Gekeler, E-U.},
	title = {On finite {D}rinfeld modules},
	journal= { Journal of Algebra},
	volume={141},
	number={1},
	pages={187-203},
	year={1991}
}


@book{knu,
	author = {Knuth, D.},
	title = {The Art of Computer Programming, Seminumerical Algorithms},
	year = {1997},
publisher = {Addison-Wesley}
}



@article{len,
	author = {Lenstra, H. W.},
	title = {Factoring integers with elliptic curves},
	journal= {Annals of Mathematics},
	volume={126},
	number={3},
	pages={649-673},
	year={1987}
}


@misc{nar,
	author = {Narayanan, A. K.},
	title = {Polynomial Factorization over Finite Fields By Computing {E}uler-{P}oincar\'e Characteristics of {D}rinfeld Modules},
	howpublished="\url{http://arxiv.org/abs/1504.07697}",
	year={2015}
}




@inproceedings{pp,
	author = {Panchishkin, A. and Potemine, I},
	title = {An algorithm for the factorization of polynomials using elliptic modules},
	booktitle = {Mathematical Institute of AN BSSR, Minsk},
	series = {Proceedings of the Conference Constructive methods and algorithms in number theory},
	year = {1989},
	pages = {117},
}



@article{vdH,
	author = {van der Heiden, G. J.},
	title = {Factoring polynomials over finite fields with {D}rinfeld modules},
	journal= {Mathematics of Computation},
	volume={73},
	pages={317-322},
	year={2004}
}




@inproceedings{yun,
	author = {Yun, D. Y. Y.},
	title = {On square-free decomposition algorithms},
	booktitle = {SYMSAC'76},
	year = {1976},
	pages = {26-38},
publisher={ACM}
}







@article{ks,
	title={Subquadratic-time factoring of polynomials over finite fields},
	author={Kaltofen, E. and Shoup, V.},
	journal={Mathematics of Computation},
	volume={67},
	number={223},
	pages={1179--1197},
	year={1998}
}



@inproceedings{DeDoSc2014,
	author = {De Feo, L. and Doliskani, J. and Schost, {\' E}.},
	title = {Fast Arithmetic for the Algebraic Closure of Finite Fields},
	booktitle = {ISSAC'14},
	year = {2014},
	pages = {122--129},
publisher = {ACM}
}

@book{vzGG,
	address = {New York, NY, USA},
	author = {Gathen, {J. von zur} and Gerhard, J.},
	citeulike-article-id = {7299960},
	citeulike-linkout-0 = {http://portal.acm.org/citation.cfm?id=304952},
	isbn = {0-521-64176-4},
	keywords = {computer\_algebra, modern\_computer\_algebra},
	posted-at = {2010-06-14 16:49:37},
	priority = {0},
	publisher = {Cambridge University Press},
	title = {Modern Computer Algebra},
	url = {http://portal.acm.org/citation.cfm?id=304952},
	year = {1999}
}


@Article{Schonhage1971,
	author =	{A. Sch\"{o}nhage and V. Strassen},
	title =	"Schnelle {M}ultiplikation grosser {Z}ahlen",
	journal =	"Computing",
	volume =	"7",
	year = 	"1971",
	pages =	"281--292",
}


@article {BrKu78,
	AUTHOR = {Brent, R. P. and Kung, H. T.},
	TITLE = {Fast algorithms for manipulating formal power series},
	JOURNAL = {Journal of the Association for Computing Machinery},
	VOLUME = {25},
	YEAR = {1978},
	NUMBER = {4},
	PAGES = {581--595},
}

@Article{CoWi90,
	author = 	 {D. Coppersmith and S. Winograd},
	title = 	 {Matrix multiplication via arithmetic progressions},
JOURNAL = {Journal of Symbolic Computation},
	year = 	 1990,
	volume =	 9,
	number =	 3,
	pages =	 {251--280}
}

@article{carlitz1932,
	title={The arithmetic of polynomials in a {G}alois field},
	author={Carlitz, L.},
	journal={American Journal of Mathematics},
	volume={54},
	number={1},
	pages={39--50},
	year={1932},
	publisher={JSTOR}
}